<record xmlns="http://www.openarchives.org/OAI/2.0/" xmlns:xsi="http://www.w3.org/2001/XMLSchema-instance"><header><identifier>oai:alma.34CSIC_INST:990012228830204201</identifier><datestamp>2020-02-06T08:41:03Z</datestamp><setSpec>manuscripta</setSpec></header><metadata><record xmlns="http://www.loc.gov/MARC21/slim" xmlns:xsi="http://www.w3.org/2001/XMLSchema-instance" xsi:schemaLocation="http://www.loc.gov/MARC21/slim http://www.loc.gov/standards/marcxml/schema/MARC21slim.xsd"><leader>01981ntm a2200433 i 4500</leader><controlfield tag="005">20181031100336.0</controlfield><controlfield tag="008">100219s1828    xx            000 0 heb d</controlfield><controlfield tag="001">990012228830204201</controlfield><datafield tag="035" ind1=" " ind2=" "><subfield code="a">CSIC001222883</subfield></datafield><datafield tag="035" ind1=" " ind2=" "><subfield code="a">(ES-MaCSI)001222883MAD01-Aleph</subfield></datafield><datafield tag="035" ind1=" " ind2=" "><subfield code="a">(OCoLC)1124050271
</subfield></datafield><datafield tag="040" ind1=" " ind2=" "><subfield code="a">ES-MaCSI</subfield><subfield code="b">spa</subfield></datafield><datafield tag="041" ind1="0" ind2=" "><subfield code="a">heb</subfield><subfield code="a">arc</subfield></datafield><datafield tag="080" ind1=" " ind2=" "><subfield code="a">091(=411.16)</subfield></datafield><datafield tag="080" ind1=" " ind2=" "><subfield code="a">348.9:26</subfield></datafield><datafield tag="080" ind1=" " ind2=" "><subfield code="a">26-555</subfield></datafield><datafield tag="080" ind1=" " ind2=" "><subfield code="a">26-256</subfield></datafield><datafield tag="245" ind1="1" ind2="0"><subfield code="a">Ketubá o Contrato matrimonial</subfield><subfield code="h">[Manuscrito]</subfield></datafield><datafield tag="260" ind1=" " ind2=" "><subfield code="a">[S.l.],</subfield><subfield code="c">1828.</subfield></datafield><datafield tag="300" ind1=" " ind2=" "><subfield code="a">1 f. ( 2 col., 19-20 lín.) :</subfield><subfield code="b">il ;</subfield><subfield code="c">73 x 39,2 cm.</subfield></datafield><datafield tag="490" ind1="0" ind2=" "><subfield code="a">Manuscripta</subfield></datafield><datafield tag="500" ind1=" " ind2=" "><subfield code="a">Pergamino</subfield></datafield><datafield tag="500" ind1=" " ind2=" "><subfield code="a">Lugar de escritura: Salónica</subfield></datafield><datafield tag="500" ind1=" " ind2=" "><subfield code="a">Copista: Desconocido</subfield></datafield><datafield tag="500" ind1=" " ind2=" "><subfield code="a">Características especiales: Encabezamiento con iniciales doradas en letra cuadrada de mayor tamaño</subfield></datafield><datafield tag="500" ind1=" " ind2=" "><subfield code="a">1 pieza de pergamino</subfield></datafield><datafield tag="500" ind1=" " ind2=" "><subfield code="a">Buen estado de conservación</subfield></datafield><datafield tag="500" ind1=" " ind2=" "><subfield code="a">Nota de cantidades de dinero en la parte inferior de la col. derecha</subfield></datafield><datafield tag="500" ind1=" " ind2=" "><subfield code="a">Signatura antigua: CVI-CF/108.1</subfield></datafield><datafield tag="505" ind1="8" ind2="0"><subfield code="a">Contrato matrimonial entre Abraham b. Matatyah Ninas (?) y Rosa bat Amiram Mercado (?)</subfield></datafield><datafield tag="546" ind1=" " ind2=" "><subfield code="a">Hebreo y arameo</subfield><subfield code="b">Escritura hebrea italo-sefardí cursiva</subfield></datafield><datafield tag="541" ind1=" " ind2=" "><subfield code="a">Procedencia: Desconocida</subfield></datafield><datafield tag="599" ind1=" " ind2="1"><subfield code="a">Decoración floral rudimentaria en dorado, rojo, azul y verde en la mitad superior del pergamino; cenefa inferior con el mismo tipo de decoración. Líneas doradas alrededor del texto</subfield></datafield><datafield tag="630" ind1="0" ind2="7"><subfield code="a">Talmud</subfield><subfield code="x">Derecho.</subfield><subfield code="2">CSICAU</subfield></datafield><datafield tag="650" ind1=" " ind2="7"><subfield code="a">Matrimonio (Derecho judío)</subfield><subfield code="2">CSICAU</subfield></datafield><datafield tag="650" ind1=" " ind2="7"><subfield code="a">Manuscritos hebreos.</subfield><subfield code="2">CSICAU</subfield></datafield><datafield tag="830" ind1=" " ind2="0"><subfield code="a">Manuscripta</subfield></datafield><datafield tag="856" ind1="4" ind2="1"><subfield code="u">http://aleph.csic.es/imagenes/mad01/0006_PMSC/P_001222883_642793_V00.pdf</subfield><subfield code="z">Descargar Pdf completo (818K)</subfield><subfield code="m">CSIC</subfield></datafield><datafield tag="856" ind1="4" ind2="1"><subfield code="u">http://simurg.bibliotecas.csic.es/viewer/image/CSIC001222883/1/</subfield><subfield code="z">Ver texto completo en SIMURG, el portal de fondos digitalizados del CSIC</subfield><subfield code="m">CSIC</subfield></datafield><datafield tag="856" ind1="4" ind2="1"><subfield code="u">http://aleph.csic.es/imagenes/mad01/0006_PMSC/html/001222883.html</subfield><subfield code="z">Ver texto completo en Bookreader</subfield></datafield></record></metadata></record>